@article{Ban2008:approxpresexpint,
   author = {A.I. Ban},
   title = {Approximation of fuzzy numbers by trapezoidal fuzzy numbers preserving the expected interval},
   journal = {Fuzzy Sets and Systems},
   volume = {159},
   year = {2008},
   pages = {1327--1344}
}

@article{Ban2009:nearestfnrev,
   author = {A.I. Ban},
   title = {On the nearest parametric approximation of a fuzzy number -- Revisited},
   journal = {Fuzzy Sets and Systems},
   volume = {160},
   year = {2009},
   pages = {3027--3047}
}

@article{Chanas2001:intervapproxfn,
   author = {S. Chanas},
   title = {On the interval approximation of a fuzzy number},
   journal = {Fuzzy Sets and Systems},
   volume = {122},
   year = {2001},
   pages = {353--356}
}

@article{CoroianuETAL2013:plfnapprox,
   author = {L. Coroianu and M. Gagolewski and P. Grzegorzewski},
   title = {Nearest Piecewise Linear Approximation of Fuzzy Numbers},
   journal = {Fuzzy Sets and Systems},
   year = {2013},
   note = {doi:10.1016/j.fss.2013.02.005}
}

@misc{CoroianuETAL2013:plfnapprox2,
   author = {L. Coroianu and M. Gagolewski and P. Grzegorzewski},
   title = {Nearest Piecewise Linear Approximation of Fuzzy Numbers -- general case},
   year = {2013},
   note = {in preparation}
}

@article{DelgadoETAL1998:canonicalfn,
   author = {M. Delgado and M.A. Vila and W. Voxman},
   title = {On a canonical representation of a fuzzy number},
   journal = {Fuzzy Sets and Systems},
   volume = {93}, 
   year = {1998},
   pages = {125--135}
}

@book{DiamondKloeden1994:metricspacesfs,
   author = {P. Diamond and P. Kloeden},
   title = {Metric Spaces of Fuzzy Sets. Theory and Applications},
   publisher = {World Scientific},
   address = {Singapore},
   year = {1994}
}

@article{DuboisPrade1978:opfn,
   author = {D. Dubois and H. Prade},
   title = {Operations on fuzzy numbers},
   year = {1978},
   journal = {Int. J. Syst. Sci.},
   volume = {9},
   pages = {613--626}
}

@article{DuboisPrade1987:meanfn,
   author = {D. Dubois and H. Prade},
   title = {The mean value of a fuzzy number},
   journal = {Fuzzy Sets and Systems},
   volume = {24},
   year = {1987},
   pages = {279--300}
}


@manual{Gagolewski:FuzzyNumbersHome,
   author = {M. Gagolewski},
   title = {\textsf{FuzzyNumbers}: Tools to deal with fuzzy numbers in \R},
   year = {2013},
   note = {\href{http://www.rexamine.com/resources/fuzzynumbers/}{www.rexamine.com/resources/fuzzynumbers/}}
}


@article{Grzegorzewski1998:metricsordersfn,
   author = {P. Grzegorzewski},
   title = {Metrics and orders in space of fuzzy numbers},
   journal = {Fuzzy Sets and Systems},
   volume = {97},
   year = {1998},
   pages = {83--94}
}

@inproceedings{Grzegorzewski2010:trapfnapproxexpint,
   author = {P. Grzegorzewski},
   title = {Algorithms for trapezoidal approximations of fuzzy numbers preserving the expected interval},
   editor = {Bouchon-Meunier B. et al},
   booktitle = {Foundations of Reasoning Under Uncertainty},
   publisher = {Springer},
   year = {2010},
   pages = {85--98}
}

@inproceedings{GrzegorzewskiPasternak2011:trapapproxsupcore,
   author = {P. Grzegorzewski and K. Pasternak-Winiarska},
   title = {Trapezoidal approximations of fuzzy numbers with restrictions on the support and core},
   booktitle = {Proc. EUSFLAT/LFA 2011},
   publisher = {Atlantic Press},
   year = {2011},
   pages = {749--756}
}

@book{KlirYuan1995:fuzzybook,
   author = {G.J. Klir and B. Yuan},
   title = {Fuzzy sets and fuzzy logic. {T}heory and applications},
   publisher = {Prentice Hall},
   address = {New Jersey},
   year = {1995}
}

@inproceedings{StefaniniSorini2009:eusflat,
   author = {L. Stefanini and L. Sorini},
   title = {Fuzzy arithmetic with parametric LR fuzzy numbers},
   booktitle = {Proc. IFSA/EUSFLAT 2009},
   year = {2009},
   pages = {600--605}
}


@article{Yeh2008:traptriapprox,
   author = {C.-T. Yeh},
   title = {Trapezoidal and triangular approximations preserving the expected interval},
   journal = {Fuzzy Sets and Systems},
   volume = {159}, 
   year = {2008},
   pages = {1345--1353}
}
